@Manual{R-base,
  title = {R: A Language and Environment for Statistical Computing},
  author = {{R Core Team}},
  organization = {R Foundation for Statistical Computing},
  address = {Vienna, Austria},
  year = {2016},
  url = {https://www.R-project.org/},
}
@Manual{R-bookdown,
  title = {bookdown: Authoring Books and Technical Documents with R Markdown},
  author = {Yihui Xie},
  year = {2016},
  note = {R package version 0.3.14},
  url = {https://github.com/rstudio/bookdown},
}
@Manual{R-knitr,
  title = {knitr: A General-Purpose Package for Dynamic Report Generation in R},
  author = {Yihui Xie},
  year = {2016},
  note = {R package version 1.15.1},
  url = {https://CRAN.R-project.org/package=knitr},
}
@Manual{R-magick,
  title = {magick: Advanced Image-Processing in R},
  author = {Jeroen Ooms},
  year = {2017},
  note = {R package version 0.4},
  url = {https://CRAN.R-project.org/package=magick},
}
@Manual{R-rmarkdown,
  title = {rmarkdown: Dynamic Documents for R},
  author = {JJ Allaire and Joe Cheng and Yihui Xie and Jonathan McPherson and Winston Chang and Jeff Allen and Hadley Wickham and Aron Atkins and Rob Hyndman and Ruben Arslan},
  year = {2017},
  note = {R package version 1.4},
  url = {https://CRAN.R-project.org/package=rmarkdown},
}
@Manual{R-slickR,
  title = {slickR: slick.js image carousel htmlwidget},
  author = {Jonathan Sidi},
  note = {R package version 0.0.0.9000},
  year = {2016},
}
@Manual{R-svglite,
  title = {svglite: An 'SVG' Graphics Device},
  author = {Hadley Wickham and Lionel Henry and T Jake Luciani and Matthieu Decorde and Vaudor Lise},
  year = {2016},
  note = {R package version 1.2.0},
  url = {https://CRAN.R-project.org/package=svglite},
}
@Manual{R-texPreview,
  title = {texPreview: Compile and preview snippets of latex in rstudio viewer},
  author = {Jonathan Sidi and Daniel Polhamus},
  year = {2017},
  note = {R package version 0.0.1},
  url = {https://github.com/metrumresearchgroup/texViewer},
}
@Manual{R-TFL,
  title = {TFL: Functions for the Pharmacometrics TFL Generator.},
  author = {Daniel G. Polhamus and Jonathan Sidi and Virginia M. Platt},
  year = {2016},
  note = {R package version 1.2.0},
}
@Manual{R-xtable,
  title = {xtable: Export Tables to LaTeX or HTML},
  author = {David B. Dahl},
  year = {2016},
  note = {R package version 1.8-2},
  url = {https://CRAN.R-project.org/package=xtable},
}
